
@misc{AdverserialEx,
  author = {Ian J. Goodfellow and Jonathon Shlens and Christian Szegedy},
  title  = {Explaining and Harnessing Adverserial Examples},
  note   = {Published as a conference paper at ICLR 2015},
  year   = 2015
}
@inproceedings{NIPS2014_5ca3e9b1,
  author    = {Goodfellow, Ian and Pouget-Abadie, Jean and Mirza, Mehdi and Xu, Bing and Warde-Farley, David and Ozair, Sherjil and Courville, Aaron and Bengio, Yoshua},
  booktitle = {Advances in Neural Information Processing Systems},
  editor    = {Z. Ghahramani and M. Welling and C. Cortes and N. Lawrence and K. Q. Weinberger},
  pages     = {2672--2680},
  publisher = {Curran Associates, Inc.},
  title     = {Generative Adversarial Nets},
  url       = {https://proceedings.neurips.cc/paper/2014/file/5ca3e9b122f61f8f06494c97b1afccf3-Paper.pdf},
  volume    = {27},
  year      = {2014}
}
@article{DBLP:journals/corr/FoersterAFW16,
  author        = {Jakob N. Foerster and
               Yannis M. Assael and
               Nando de Freitas and
               Shimon Whiteson},
  title         = {Learning to Communicate to Solve Riddles with Deep Distributed Recurrent
               Q-Networks},
  journal       = {CoRR},
  volume        = {abs/1602.02672},
  year          = {2016},
  url           = {http://arxiv.org/abs/1602.02672},
  archiveprefix = {arXiv},
  eprint        = {1602.02672},
  timestamp     = {Mon, 13 Aug 2018 16:49:00 +0200},
  biburl        = {https://dblp.org/rec/journals/corr/FoersterAFW16.bib},
  bibsource     = {dblp computer science bibliography, https://dblp.org}
}

@article{DBLP:journals/corr/FoersterAFW16a,
  author        = {Jakob N. Foerster and
               Yannis M. Assael and
               Nando de Freitas and
               Shimon Whiteson},
  title         = {Learning to Communicate with Deep Multi-Agent Reinforcement Learning},
  journal       = {CoRR},
  volume        = {abs/1605.06676},
  year          = {2016},
  url           = {http://arxiv.org/abs/1605.06676},
  archiveprefix = {arXiv},
  eprint        = {1605.06676},
  timestamp     = {Mon, 13 Aug 2018 16:47:22 +0200},
  biburl        = {https://dblp.org/rec/journals/corr/FoersterAFW16a.bib},
  bibsource     = {dblp computer science bibliography, https://dblp.org}
}

@article{DBLP:journals/corr/AbadiA16,
  author        = {Mart{\'{\i}}n Abadi and
               David G. Andersen},
  title         = {Learning to Protect Communications with Adversarial Neural Cryptography},
  journal       = {CoRR},
  volume        = {abs/1610.06918},
  year          = {2016},
  url           = {http://arxiv.org/abs/1610.06918},
  archiveprefix = {arXiv},
  eprint        = {1610.06918},
  timestamp     = {Mon, 13 Aug 2018 16:48:12 +0200},
  biburl        = {https://dblp.org/rec/journals/corr/AbadiA16.bib},
  bibsource     = {dblp computer science bibliography, https://dblp.org}
}



@misc{Authors14,
  author = {Authors},
  title  = {The frobnicatable foo filter},
  note   = {Face and Gesture  submission ID 324. Supplied as additional material {\tt fg324.pdf}},
  year   = 2014
}

@misc{Authors14b,
  author = {Authors},
  title  = {Frobnication tutorial},
  note   = {Supplied as additional material {\tt tr.pdf}},
  year   = 2014
}

@article{Alpher02,
  author  = {FirstName Alpher},
  title   = {Frobnication},
  journal = {Journal of Foo},
  volume  = 12,
  number  = 1,
  pages   = {234--778},
  year    = 2002
}

@article{Alpher03,
  author  = {FirstName Alpher and  FirstName Fotheringham-Smythe},
  title   = {Frobnication revisited},
  journal = {Journal of Foo},
  volume  = 13,
  number  = 1,
  pages   = {234--778},
  year    = 2003
}

@article{Alpher04,
  author  = {FirstName Alpher and FirstName Fotheringham-Smythe and FirstName Gamow},
  title   = {Can a machine frobnicate?},
  journal = {Journal of Foo},
  volume  = 14,
  number  = 1,
  pages   = {234--778},
  year    = 2004
}
